
@misc{buzztime,
title = {{How to Pick the Best Beverage Inventory Software (10 Reviews)}},
url = {https://www.buzztime.com/business/blog/how-to-pick-the-best-beverage-inventory-software-10-reviews},
urldate = {2020-07-10},
note={{Buzztime, 2020}}
}
@misc{orca,
title = {{Restaurant Inventory Software | Orca Inventory}},
url = {https://www.orcainventory.com/features/},
urldate = {2020-07-10},
note={{Orcainventory.com, 2020.}}
}
@misc{partender,
title = {{Liquor Inventory| Bar Inventory| AccuBar Products}},
url = {https://www.accubar.com/liquor-inventory-management-products/#1442247357269-72721ca9-3a59},
urldate = {2020-07-10},
note={{Accubar.com, 2020.}}
}
@misc{eicher,
author= {T Eicher},
title = {{Barkeep : The best way to keep track of your liquor inventory on iPhone, iPad or iPod Touch}},
url = {https://www.barkeepapp.com/},
urldate = {2020-07-10},
note={{ Barkeepapp.com, 2020.}}
}
@misc{accubar,
title = {{AccuBar Reviews and Pricing - 2020}},
url = {https://www.capterra.com/p/130915/AccuBar/},
urldate = {2020-07-10},
note={{Capterra.com, 2020}}
}

